@misc{firebase_esp32,
  author = {Fabrice Beya},
  title = {Getting started with ESP32 and Firebase},
  year = 2021,
  url = {https://medium.com/firebase-developers/getting-started-with-esp32-and-firebase-1e7f19f63401},
  urldate = {2021-06-09}
}

@misc{mozbit,
  author = {mozbit},
  title = {Firebase Realtime Database Arduino Library for ESP3},
  year = 2021,
  url = {https://github.com/mobizt/Firebase-ESP32},
  urldate = {2021-06-09}
}

@misc{bonsai_care,
  author = {Bonsai Empire},
  title = {Bonsai tree care},
  year = 2021,
  url = {https://www.bonsaiempire.com/basics/bonsai-care},
  urldate = {2021-06-09}
}

@misc{sensor_moisture,
  author = {Grove},
  title = {Grove - Soil Moisture Sensor},
  year = 2021,
  url = {https://www.seeedstudio.com/Grove-Moisture-Sensor.html},
  urldate = {2021-06-09}
}

@misc{sensor_dht11,
  author = {Grove},
  title = {Grove - Temperature \& Humidity Sensor (DHT11)},
  year = 2021,
  url = {https://www.seeedstudio.com/Grove-Temperature-Humidity-Sensor-DHT11.html},
  urldate = {2021-06-09}
}

@misc{firebase,
  author = {Google},
  title = {Firebase Backend as a Service (BaaS)},
  year = 2021,
  url = {https://firebase.google.com},
  urldate = {2021-06-09}
}
